@article{gillette2019computational,
	Author = {Gillette, Andrew and Kloefkorn, Tyler and Sanders, Victoria},
	Journal = {SMAI Journal of Computational Mathematics},
	Pages = {1--21},
	Title = {Computational Serendipity and Tensor Product Finite Element Differential Forms},
	Volume = {5},
	Year = {2019}}
	
@article{rathgeber2016firedrake,
	Author = {Rathgeber, Florian and Ham, David A and Mitchell, Lawrence and Lange, Michael and Luporini, Fabio and McRae, Andrew TT and Bercea, Gheorghe-Teodor and Markall, Graham R and Kelly, Paul HJ},
	Journal = {ACM Transactions on Mathematical Software (TOMS)},
	Number = {3},
	Pages = {1--27},
	Publisher = {ACM New York, NY, USA},
	Title = {Firedrake: automating the finite element method by composing abstractions},
	Volume = {43},
	Year = {2016}}
	
@article{gillette2019trimmed,
	Author = {Gillette, Andrew and Kloefkorn, Tyler},
	Journal = {Mathematics of Computation},
	Number = {316},
	Pages = {583--606},
	Title = {Trimmed serendipity finite element differential forms},
	Volume = {88},
	Year = {2019}}
	
@article{crum2021firedraketrimmed,
     Author = { Crum, Justin and Cheng, Cyrus and Ham, David and Mitchell, Lawrence and Gillette, Andrew and Kirby, Robert and Levine, Joshua A},
     Title = {Bringing Trimmed Serendipity Methods to Computational Practice in {F}iredrake},
     Year = {In preparation}}