@article{boffi2010finite,
  title={Finite element approximation of eigenvalue problems.},
  author={Boffi, Daniele},
  journal={Acta Numer.},
  volume={19},
  pages={1--120},
  year={2010}
}